

@book{bozorg2018advanced,
  title={Advanced optimization by nature-inspired algorithms},
  author={Bozorg-Haddad, Omid},
  volume={720},
  year={2018},
  publisher={Springer}
}

@inproceedings{chu2006cat,
  title={Cat swarm optimization},
  author={Chu, Shu-Chuan and Tsai, Pei-Wei and Pan, Jeng-Shyang},
  booktitle={PRICAI 2006: Trends in Artificial Intelligence: 9th Pacific Rim International Conference on Artificial Intelligence Guilin, China, August 7-11, 2006 Proceedings 9},
  pages={854--858},
  year={2006},
  organization={Springer}
}

@misc{gao2024retrievalaugmentedgenerationlargelanguage,
      title={Retrieval-Augmented Generation for Large Language Models: A Survey}, 
      author={Yunfan Gao and Yun Xiong and Xinyu Gao and Kangxiang Jia and Jinliu Pan and Yuxi Bi and Yi Dai and Jiawei Sun and Meng Wang and Haofen Wang},
      year={2024},
      eprint={2312.10997},
      archivePrefix={arXiv},
      primaryClass={cs.CL},
      url={https://arxiv.org/abs/2312.10997}, 
}

@misc{alaparthi2020bidirectionalencoderrepresentationstransformers,
      title={Bidirectional Encoder Representations from Transformers (BERT): A sentiment analysis odyssey}, 
      author={Shivaji Alaparthi and Manit Mishra},
      year={2020},
      eprint={2007.01127},
      archivePrefix={arXiv},
      primaryClass={cs.CL},
      url={https://arxiv.org/abs/2007.01127}, 
}

@article{DBLP:journals/corr/abs-1810-04805,
  author    = {Jacob Devlin and
               Ming{-}Wei Chang and
               Kenton Lee and
               Kristina Toutanova},
  title     = {{BERT:} Pre-training of Deep Bidirectional Transformers for Language
               Understanding},
  journal   = {CoRR},
  volume    = {abs/1810.04805},
  year      = {2018},
  url       = {http://arxiv.org/abs/1810.04805},
  archivePrefix = {arXiv},
  eprint    = {1810.04805},
  timestamp = {Tue, 30 Oct 2018 20:39:56 +0100},
  biburl    = {https://dblp.org/rec/journals/corr/abs-1810-04805.bib},
  bibsource = {dblp computer science bibliography, https://dblp.org}
}
@misc{askari2023injecting,
      title={Injecting the BM25 Score as Text Improves BERT-Based Re-rankers}, 
      author={Arian Askari and Amin Abolghasemi and Gabriella Pasi and Wessel Kraaij and Suzan Verberne},
      year={2023},
      eprint={2301.09728},
      archivePrefix={arXiv}

}
@misc{lewis2021retrievalaugmented,
      title={Retrieval-Augmented Generation for Knowledge-Intensive NLP Tasks}, 
      author={Patrick Lewis and Ethan Perez and Aleksandra Piktus and Fabio Petroni and Vladimir Karpukhin and Naman Goyal and Heinrich Küttler and Mike Lewis and Wen-tau Yih and Tim Rocktäschel and Sebastian Riedel and Douwe Kiela},
      year={2021},
      eprint={2005.11401},
      archivePrefix={arXiv}

}

@article{DANIELSSON1980227,
    title = {Euclidean distance mapping},
    journal = {Computer Graphics and Image Processing},
    volume = {14},
    number = {3},
    pages = {227-248},
    year = {1980},
    issn = {0146-664X},
    doi = {https://doi.org/10.1016/0146-664X(80)90054-4},
    url = {https://www.sciencedirect.com/science/article/pii/0146664X80900544},
    author = {Per-Erik Danielsson}
}

@misc{liu2023building,
  title={Building production-ready rag applications},
  author={Liu, Jerry},
  year={2023}
}

@article{llama3modelcard,
    title={Llama 3 Model Card},
    author={AI@Meta},
    year={2024},
    url = {https://github.com/meta-llama/llama3/blob/main/MODEL_CARD.md}
}

@misc{geminiteam2024gemini,
      title={Gemini: A Family of Highly Capable Multimodal Models}, 
      author={Gemini Team and Rohan Anil and Sebastian Borgeaud and Jean-Baptiste Alayrac and Jiahui Yu and Radu Soricut and Johan Schalkwyk et al},
      year={2024},
      eprint={2312.11805},

      archivePrefix={arXiv}
}

@misc{cheng2024characterizing,
      title={{Characterizing the Dilemma of Performance and Index Size in Billion-Scale Vector Search and Breaking It with Second-Tier Memory}}, 
      author={Rongxin Cheng and Yifan Peng and Xingda Wei and Hongrui Xie and Rong Chen and Sijie Shen and Haibo Chen},
      year={2024},
      eprint={2405.03267},
      archivePrefix={arXiv}
}

@misc{edge2024local,
      title={From Local to Global: A Graph RAG Approach to Query-Focused Summarization}, 
      author={Darren Edge and Ha Trinh and Newman Cheng and Joshua Bradley and Alex Chao and Apurva Mody and Steven Truitt and Jonathan Larson},
      year={2024},
      eprint={2404.16130},
      archivePrefix={arXiv}
}

@techreport{Attri2024,
    title = {{Introduction to Large language models}},
    year = {2024},
    author = {Attri Blog},
    url = {https://attri.ai/blog/introduction-to-large-language-models}
}

@techreport{Rani2018,
    title = {{BERT Explained: State of the art language model for NLP}},
    year = {2018},
    institution = {Towards Data Science},
    author = {Rani Horev},
    url = {https://towardsdatascience.com/bert-explained-state-of-the-art-language-model-for-nlp-f8b21a9b6270}
}

@techreport{Vyacheslav2023,
    title = {{Large Language Models: SBERT — Sentence-BERT}},
    year = {2023},
    author = {Vyacheslav Efimov},
    institution = {Towards Data Science},
    url = {https://towardsdatascience.com/sbert-deb3d4aef8a4}
}


@misc{Bechtel1971,
      title={A scalar product model for the multidimensional scaling of choice},
      author={Gordon G. Betchel and Ledyard R Tucker and Wei-Ching Chang},
      year={1971},
      eprint={1860.0980},
      url={https://doi.org/10.1007/BF02291364}
}

@misc{reimers2019sentencebertsentenceembeddingsusing,
      title={Sentence-BERT: Sentence Embeddings using Siamese BERT-Networks}, 
      author={Nils Reimers and Iryna Gurevych},
      year={2019},
      eprint={1908.10084},
      archivePrefix={arXiv},
      primaryClass={cs.CL},
      url={https://arxiv.org/abs/1908.10084}, 
}

@misc{touvron2023llamaopenefficientfoundation,
      title={LLaMA: Open and Efficient Foundation Language Models}, 
      author={Hugo Touvron and Thibaut Lavril and Gautier Izacard and Xavier Martinet and Marie-Anne Lachaux and Timothée Lacroix and Baptiste Rozière and Naman Goyal and Eric Hambro and Faisal Azhar and Aurelien Rodriguez and Armand Joulin and Edouard Grave and Guillaume Lample},
      year={2023},
      eprint={2302.13971},
      archivePrefix={arXiv},
      primaryClass={cs.CL},
      url={https://arxiv.org/abs/2302.13971}, 
}

@misc{vaswani2023attentionneed,
      title={Attention Is All You Need}, 
      author={Ashish Vaswani and Noam Shazeer and Niki Parmar and Jakob Uszkoreit and Llion Jones and Aidan N. Gomez and Lukasz Kaiser and Illia Polosukhin},
      year={2023},
      eprint={1706.03762},
      archivePrefix={arXiv},
      primaryClass={cs.CL},
      url={https://arxiv.org/abs/1706.03762}, 
}

@misc{llama3blog,
title={Introducing Meta Llama 3: The most capable openly available LLM to date},
author={Meta},
year={2024},
url={https://ai.meta.com/blog/meta-llama-3/}
}

@article{llama3modelcard,
title={Llama 3 Model Card},
author={AI@Meta},
year={2024},
journal={LLama3},
url = {https://github.com/meta-llama/llama3/blob/main/MODEL_CARD.md}
}

@inproceedings{10.1145/2682862.2682863,
    author = {Trotman, Andrew and Puurula, Antti and Burgess, Blake},
    title = {Improvements to BM25 and Language Models Examined},
    year = {2014},
    isbn = {9781450330008},
    publisher = {Association for Computing Machinery},
    address = {New York, NY, USA},
    url = {https://doi.org/10.1145/2682862.2682863},
    doi = {10.1145/2682862.2682863},
    abstract = {Recent work on search engine ranking functions report improvements on BM25 and Language Models with Dirichlet Smoothing. In this investigation 9 recent ranking functions (BM25, BM25+, BM25T, BM25-adpt, BM25L, TF1°δ°p\texttimes{}ID, LM-DS, LM-PYP, and LM-PYP-TFIDF) are compared by training on the INEX 2009 Wikipedia collection and testing on INEX 2010 and 9 TREC collections. We find that once trained (using particle swarm optimization) there is very little difference in performance between these functions, that relevance feedback is effective, that stemming is effective, and that it remains unclear which function is best over-all.},
    booktitle = {Proceedings of the 19th Australasian Document Computing Symposium},
    pages = {58–65},
    numpages = {8},
    keywords = {Document Retrieval, Procrastination, Relevance Ranking},
    location = {Melbourne, VIC, Australia},
    series = {ADCS '14}
}

@misc{wang2019benchmarkingtpugpucpu,
      title={Benchmarking TPU, GPU, and CPU Platforms for Deep Learning}, 
      author={Yu Emma Wang and Gu-Yeon Wei and David Brooks},
      year={2019},
      eprint={1907.10701},
      archivePrefix={arXiv},
      primaryClass={cs.LG},
      url={https://arxiv.org/abs/1907.10701}, 
}

@article{Liu_2023,
   title={Summary of ChatGPT-Related research and perspective towards the future of large language models},
   volume={1},
   ISSN={2950-1628},
   url={http://dx.doi.org/10.1016/j.metrad.2023.100017},
   DOI={10.1016/j.metrad.2023.100017},
   number={2},
   journal={Meta-Radiology},
   publisher={Elsevier BV},
   author={Liu, Yiheng and Han, Tianle and Ma, Siyuan and Zhang, Jiayue and Yang, Yuanyuan and Tian, Jiaming and He, Hao and Li, Antong and He, Mengshen and Liu, Zhengliang and Wu, Zihao and Zhao, Lin and Zhu, Dajiang and Li, Xiang and Qiang, Ning and Shen, Dingang and Liu, Tianming and Ge, Bao},
   year={2023},
   month=sep, pages={100017} 
}

@misc{SlidesMartin,
  author={Lance Martin},
  title = {RAG from scratch: Overview},
  url ={https://docs.google.com/presentation/d/1C9IaAwHoWcc4RSTqo-pCoN3h0nCgqV2JEYZUJunv_9Q/edit#slide=id.p},
  year = {2024},
  note = {Accessed: {2024–06-30}}
}

@article{2020t5,
  author  = {Colin Raffel and Noam Shazeer and Adam Roberts and Katherine Lee and Sharan Narang and Michael Matena and Yanqi Zhou and Wei Li and Peter J. Liu},
  title   = {Exploring the Limits of Transfer Learning with a Unified Text-to-Text Transformer},
  journal = {Journal of Machine Learning Research},
  year    = {2020},
  volume  = {21},
  number  = {140},
  pages   = {1-67},
  url     = {http://jmlr.org/papers/v21/20-074.html}
}

@misc{joshi2019bertcoreferenceresolutionbaselines,
      title={BERT for Coreference Resolution: Baselines and Analysis}, 
      author={Mandar Joshi and Omer Levy and Daniel S. Weld and Luke Zettlemoyer},
      year={2019},
      eprint={1908.09091},
      archivePrefix={arXiv},
      primaryClass={cs.CL},
      url={https://arxiv.org/abs/1908.09091}, 
}

@misc{kang2024promptragpioneeringvectorembeddingfree,
      title={Prompt-RAG: Pioneering Vector Embedding-Free Retrieval-Augmented Generation in Niche Domains, Exemplified by Korean Medicine}, 
      author={Bongsu Kang and Jundong Kim and Tae-Rim Yun and Chang-Eop Kim},
      year={2024},
      eprint={2401.11246},
      archivePrefix={arXiv},
      primaryClass={cs.CL},
      url={https://arxiv.org/abs/2401.11246}, 
}